%YAML 1.1
%TAG !u! tag:unity3d.com,2011:
--- !u!1001 &100100000
Prefab:
  m_ObjectHideFlags: 1
  serializedVersion: 2
  m_Modification:
    m_TransformParent: {fileID: 0}
    m_Modifications: []
    m_RemovedComponents: []
  m_ParentPrefab: {fileID: 0}
  m_RootGameObject: {fileID: 1110129944714640}
  m_IsPrefabParent: 1
--- !u!1 &1110129944714640
GameObject:
  m_ObjectHideFlags: 0
  m_PrefabParentObject: {fileID: 0}
  m_PrefabInternal: {fileID: 100100000}
  serializedVersion: 5
  m_Component:
  - component: {fileID: 4282778826499792}
  - component: {fileID: 212208134056353726}
  - component: {fileID: 60139447520114352}
  m_Layer: 0
  m_Name: MediumAttack_Sword
  m_TagString: Untagged
  m_Icon: {fileID: 0}
  m_NavMeshLayer: 0
  m_StaticEditorFlags: 0
  m_IsActive: 1
--- !u!4 &4282778826499792
Transform:
  m_ObjectHideFlags: 1
  m_PrefabParentObject: {fileID: 0}
  m_PrefabInternal: {fileID: 100100000}
  m_GameObject: {fileID: 1110129944714640}
  m_LocalRotation: {x: -0, y: -0, z: -0, w: 1}
  m_LocalPosition: {x: 2.08, y: -11.15, z: 0}
  m_LocalScale: {x: 1, y: 1, z: 1}
  m_Children: []
  m_Father: {fileID: 0}
  m_RootOrder: 0
  m_LocalEulerAnglesHint: {x: 0, y: 0, z: 0}
--- !u!60 &60139447520114352
PolygonCollider2D:
  m_ObjectHideFlags: 1
  m_PrefabParentObject: {fileID: 0}
  m_PrefabInternal: {fileID: 100100000}
  m_GameObject: {fileID: 1110129944714640}
  m_Enabled: 1
  m_Density: 1
  m_Material: {fileID: 0}
  m_IsTrigger: 1
  m_UsedByEffector: 0
  m_Offset: {x: 0, y: 0}
  m_Points:
    m_Paths:
    - - {x: 0.585, y: -0.37}
      - {x: 0.66499996, y: -0.39}
      - {x: 0.73499995, y: -0.39}
      - {x: 1.3349999, y: -0.48}
      - {x: 1.765, y: -0.57}
      - {x: 1.8149999, y: -0.62}
      - {x: 2.234499, y: -0.6592493}
      - {x: 2.2941241, y: -0.5401249}
      - {x: 2.303999, y: 0.3199997}
      - {x: 2.2739987, y: 0.6793747}
      - {x: 2.2359042, y: 0.91298294}
      - {x: 2.1937232, y: 1.0366936}
      - {x: 2.101668, y: 1.2342377}
      - {x: 1.9549999, y: 1.42}
      - {x: 1.905, y: 1.49}
      - {x: 1.875, y: 1.49}
      - {x: 1.8349999, y: 1.4599999}
      - {x: 1.875, y: 1.27}
      - {x: 1.915, y: 1.1}
      - {x: 1.925, y: 1.06}
      - {x: 1.935, y: 0.87}
      - {x: 1.925, y: 0.82}
      - {x: 1.9449999, y: 0.76}
      - {x: 1.905, y: 0.31}
      - {x: 1.8249999, y: -0.01}
      - {x: 1.795, y: -0.14999999}
      - {x: 1.6949999, y: -0.29}
      - {x: 1.5649999, y: -0.35999998}
      - {x: 1.415, y: -0.31}
      - {x: 1.415, y: -0.26}
      - {x: 1.345, y: -0.22}
      - {x: 1.285, y: -0.37}
      - {x: 1.0749999, y: -0.34}
      - {x: 0.585, y: -0.25}
--- !u!212 &212208134056353726
SpriteRenderer:
  m_ObjectHideFlags: 1
  m_PrefabParentObject: {fileID: 0}
  m_PrefabInternal: {fileID: 100100000}
  m_GameObject: {fileID: 1110129944714640}
  m_Enabled: 1
  m_CastShadows: 0
  m_ReceiveShadows: 0
  m_MotionVectors: 1
  m_LightProbeUsage: 0
  m_ReflectionProbeUsage: 0
  m_Materials:
  - {fileID: 10754, guid: 0000000000000000f000000000000000, type: 0}
  m_StaticBatchInfo:
    firstSubMesh: 0
    subMeshCount: 0
  m_StaticBatchRoot: {fileID: 0}
  m_ProbeAnchor: {fileID: 0}
  m_LightProbeVolumeOverride: {fileID: 0}
  m_ScaleInLightmap: 1
  m_PreserveUVs: 0
  m_IgnoreNormalsForChartDetection: 0
  m_ImportantGI: 0
  m_SelectedEditorRenderState: 0
  m_MinimumChartSize: 4
  m_AutoUVMaxDistance: 0.5
  m_AutoUVMaxAngle: 89
  m_LightmapParameters: {fileID: 0}
  m_SortingLayerID: 0
  m_SortingOrder: 0
  m_Sprite: {fileID: 21300000, guid: b4806493d42718241bd2002b89537196, type: 3}
  m_Color: {r: 1, g: 1, b: 1, a: 1}
  m_FlipX: 0
  m_FlipY: 0
