%YAML 1.1
%TAG !u! tag:unity3d.com,2011:
--- !u!1001 &100100000
Prefab:
  m_ObjectHideFlags: 1
  serializedVersion: 2
  m_Modification:
    m_TransformParent: {fileID: 0}
    m_Modifications: []
    m_RemovedComponents: []
  m_ParentPrefab: {fileID: 0}
  m_RootGameObject: {fileID: 1302351776462914}
  m_IsPrefabParent: 1
--- !u!1 &1302351776462914
GameObject:
  m_ObjectHideFlags: 0
  m_PrefabParentObject: {fileID: 0}
  m_PrefabInternal: {fileID: 100100000}
  serializedVersion: 5
  m_Component:
  - component: {fileID: 4026279336631556}
  - component: {fileID: 212817249016578248}
  - component: {fileID: 50480063631166498}
  - component: {fileID: 114542118304883496}
  - component: {fileID: 60582529527338152}
  - component: {fileID: 60532725593238844}
  - component: {fileID: 95234088230435060}
  - component: {fileID: 114983922162911252}
  m_Layer: 0
  m_Name: Player
  m_TagString: PLAYER1
  m_Icon: {fileID: 0}
  m_NavMeshLayer: 0
  m_StaticEditorFlags: 0
  m_IsActive: 1
--- !u!4 &4026279336631556
Transform:
  m_ObjectHideFlags: 1
  m_PrefabParentObject: {fileID: 0}
  m_PrefabInternal: {fileID: 100100000}
  m_GameObject: {fileID: 1302351776462914}
  m_LocalRotation: {x: 0, y: 0, z: 0, w: 1}
  m_LocalPosition: {x: -4, y: -2.5, z: 0}
  m_LocalScale: {x: 1.75, y: 1.75, z: 1.75}
  m_Children: []
  m_Father: {fileID: 0}
  m_RootOrder: 0
  m_LocalEulerAnglesHint: {x: 0, y: 0, z: 0}
--- !u!50 &50480063631166498
Rigidbody2D:
  serializedVersion: 4
  m_ObjectHideFlags: 1
  m_PrefabParentObject: {fileID: 0}
  m_PrefabInternal: {fileID: 100100000}
  m_GameObject: {fileID: 1302351776462914}
  m_BodyType: 0
  m_Simulated: 1
  m_UseFullKinematicContacts: 0
  m_UseAutoMass: 0
  m_Mass: 1
  m_LinearDrag: 0
  m_AngularDrag: 0.05
  m_GravityScale: 0
  m_Material: {fileID: 0}
  m_Interpolate: 0
  m_SleepingMode: 1
  m_CollisionDetection: 0
  m_Constraints: 6
--- !u!60 &60532725593238844
PolygonCollider2D:
  m_ObjectHideFlags: 1
  m_PrefabParentObject: {fileID: 0}
  m_PrefabInternal: {fileID: 100100000}
  m_GameObject: {fileID: 1302351776462914}
  m_Enabled: 1
  m_Density: 1
  m_Material: {fileID: 0}
  m_IsTrigger: 0
  m_UsedByEffector: 0
  m_Offset: {x: 0, y: 0}
  m_Points:
    m_Paths:
    - - {x: -0.265, y: -1.26}
      - {x: -0.24499999, y: -1.3}
      - {x: -0.114999995, y: -1.31}
      - {x: 0.125, y: -1.29}
      - {x: 0.275, y: -1.27}
      - {x: 0.39499998, y: -1.42}
      - {x: 0.45499998, y: -1.4699999}
      - {x: 0.53499997, y: -1.48}
      - {x: 0.60499996, y: -1.48}
      - {x: 0.645, y: -1.39}
      - {x: 0.565, y: -1.3399999}
      - {x: 0.515, y: -1.31}
      - {x: 0.53499997, y: -1.1}
      - {x: 0.545, y: -0.57}
      - {x: 0.575, y: -0.44}
      - {x: 0.625, y: -0.31}
      - {x: 0.655, y: -0.22}
      - {x: 0.655, y: -0.17999999}
      - {x: 0.79499996, y: -0.29}
      - {x: 0.97499996, y: -0.25}
      - {x: 1.015, y: -0.21}
      - {x: 1.005, y: -0.17999999}
      - {x: 0.895, y: -0.16}
      - {x: 0.935, y: -0.099999994}
      - {x: 0.91499996, y: -0.02}
      - {x: 0.85499996, y: -0.049999997}
      - {x: 0.815, y: -0.13}
      - {x: 0.765, y: -0.049999997}
      - {x: 1.285, y: 0.34}
      - {x: 1.675, y: 0.62}
      - {x: 1.905, y: 0.72999996}
      - {x: 2.095, y: 0.93}
      - {x: 2.145, y: 1.01}
      - {x: 2.145, y: 1.03}
      - {x: 2.135, y: 1.04}
      - {x: 2.055, y: 1.04}
      - {x: 1.795, y: 0.90999997}
      - {x: 1.625, y: 0.72999996}
      - {x: 1.3249999, y: 0.5}
      - {x: 0.72499996, y: 0.07}
      - {x: 0.66499996, y: 0.08}
      - {x: 0.73499995, y: 0.14999999}
      - {x: 0.745, y: 0.19}
      - {x: 0.73499995, y: 0.22}
      - {x: 0.625, y: 0.21}
      - {x: 0.635, y: 0.26999998}
      - {x: 0.635, y: 0.31}
      - {x: 0.615, y: 0.32999998}
      - {x: 0.585, y: 0.38}
      - {x: 0.615, y: 0.48}
      - {x: 0.625, y: 0.63}
      - {x: 0.66499996, y: 0.84999996}
      - {x: 0.635, y: 0.91999996}
      - {x: 0.675, y: 1.01}
      - {x: 0.59499997, y: 1.11}
      - {x: 0.585, y: 1.22}
      - {x: 0.505, y: 1.28}
      - {x: 0.415, y: 1.27}
      - {x: 0.315, y: 1.1899999}
      - {x: 0.074999996, y: 1.3}
      - {x: 0.044999998, y: 1.3299999}
      - {x: -0.044999998, y: 1.3299999}
      - {x: -0.085, y: 1.31}
      - {x: -0.074999996, y: 1.25}
      - {x: 0.044999998, y: 1.15}
      - {x: 0.16499999, y: 1.06}
      - {x: 0.035, y: 1.02}
      - {x: -0.005, y: 0.97999996}
      - {x: -0.114999995, y: 0.78999996}
      - {x: -0.205, y: 0.7}
      - {x: -0.49499997, y: 0.51}
      - {x: -0.635, y: 0.45999998}
      - {x: -0.85499996, y: 0.39999998}
      - {x: -1.025, y: 0.39}
      - {x: -1.235, y: 0.34}
      - {x: -1.275, y: 0.22}
      - {x: -1.2149999, y: 0.21}
      - {x: -1.165, y: 0.19}
      - {x: -1.285, y: 0.11}
      - {x: -1.485, y: 0.02}
      - {x: -1.915, y: -0.17999999}
      - {x: -2.105, y: -0.22}
      - {x: -2.125, y: -0.24}
      - {x: -2.125, y: -0.29999998}
      - {x: -2.0149999, y: -0.38}
      - {x: -1.525, y: -0.45999998}
      - {x: -1.2149999, y: -0.55}
      - {x: -1.435, y: -0.81}
      - {x: -1.625, y: -1}
      - {x: -1.625, y: -1.04}
      - {x: -1.605, y: -1.0799999}
      - {x: -1.3149999, y: -1.06}
      - {x: -1.3149999, y: -1.04}
      - {x: -0.79499996, y: -1.0799999}
      - {x: -0.835, y: -1.13}
      - {x: -0.835, y: -1.18}
      - {x: -0.815, y: -1.22}
      - {x: -0.59499997, y: -1.1999999}
      - {x: -0.49499997, y: -1.17}
      - {x: -0.60499996, y: -1.41}
      - {x: -0.525, y: -1.48}
      - {x: -0.355, y: -1.48}
      - {x: -0.315, y: -1.4399999}
      - {x: -0.345, y: -1.3299999}
      - {x: -0.265, y: -1.14}
--- !u!60 &60582529527338152
PolygonCollider2D:
  m_ObjectHideFlags: 1
  m_PrefabParentObject: {fileID: 0}
  m_PrefabInternal: {fileID: 100100000}
  m_GameObject: {fileID: 1302351776462914}
  m_Enabled: 1
  m_Density: 1
  m_Material: {fileID: 0}
  m_IsTrigger: 1
  m_UsedByEffector: 0
  m_Offset: {x: 0, y: 0}
  m_Points:
    m_Paths:
    - - {x: 0.5, y: -0.5}
      - {x: 0.5, y: 0.5}
      - {x: -0.5, y: 0.5}
      - {x: -0.5, y: -0.5}
--- !u!95 &95234088230435060
Animator:
  serializedVersion: 3
  m_ObjectHideFlags: 1
  m_PrefabParentObject: {fileID: 0}
  m_PrefabInternal: {fileID: 100100000}
  m_GameObject: {fileID: 1302351776462914}
  m_Enabled: 1
  m_Avatar: {fileID: 0}
  m_Controller: {fileID: 9100000, guid: ef99c8a5f436f0344ad8ba579c892b88, type: 2}
  m_CullingMode: 0
  m_UpdateMode: 0
  m_ApplyRootMotion: 0
  m_LinearVelocityBlending: 0
  m_WarningMessage: 
  m_HasTransformHierarchy: 1
  m_AllowConstantClipSamplingOptimization: 1
--- !u!114 &114542118304883496
MonoBehaviour:
  m_ObjectHideFlags: 1
  m_PrefabParentObject: {fileID: 0}
  m_PrefabInternal: {fileID: 100100000}
  m_GameObject: {fileID: 1302351776462914}
  m_Enabled: 1
  m_EditorHideFlags: 0
  m_Script: {fileID: 11500000, guid: 01479c563e49d114aabf0ff2edd05abf, type: 3}
  m_Name: 
  m_EditorClassIdentifier: 
  renderer: {fileID: 0}
  anime: {fileID: 95234088230435060}
  opponent: {fileID: 0}
  sword: {fileID: 0}
  stamina: {fileID: 0}
  stagDelay: 0
  gameManager: {fileID: 0}
  hitboxes:
  - {fileID: 0}
  - {fileID: 0}
  stance: 1
  facingLeft: 0
  staggered: 0
  blocking: 0
  lightAttacking: 0
  heavyAttacking: 0
  id: 0
--- !u!114 &114983922162911252
MonoBehaviour:
  m_ObjectHideFlags: 1
  m_PrefabParentObject: {fileID: 0}
  m_PrefabInternal: {fileID: 100100000}
  m_GameObject: {fileID: 1302351776462914}
  m_Enabled: 1
  m_EditorHideFlags: 0
  m_Script: {fileID: 11500000, guid: 79f6c98e98f550c4fb7996b27e6beb6c, type: 3}
  m_Name: 
  m_EditorClassIdentifier: 
  bodyHighStand: {fileID: 60743815235073108, guid: 128da9765f0363140afe08a8e4fe58a0,
    type: 2}
  bodyHighAttack: {fileID: 60356088278408806, guid: 93597eb6a3b7c1443a10c3648363d42a,
    type: 2}
  bodyMediumStand: {fileID: 60763995498294100, guid: fdc1e28f4b70d0a48b76cb8c96cbdffd,
    type: 2}
  bodyMediumAttack: {fileID: 60427550672408642, guid: 2c78b2c0463a7c644a87bfb666c027f7,
    type: 2}
  bodyLowStand: {fileID: 60998868611902256, guid: db189ee934ee93147b14df9afbbc204b,
    type: 2}
  bodyLowAttack: {fileID: 60981931185050276, guid: 9e450f3d00967f34da7da6ad880cdff2,
    type: 2}
  swordHighStand: {fileID: 60743815235073108, guid: 128da9765f0363140afe08a8e4fe58a0,
    type: 2}
  swordHighAttack: {fileID: 60354419849964822, guid: e7ebaff73af4a7648aadc8c262729df8,
    type: 2}
  swordMediumStand: {fileID: 60763995498294100, guid: fdc1e28f4b70d0a48b76cb8c96cbdffd,
    type: 2}
  swordMediumAttack: {fileID: 60139447520114352, guid: e3dd84f33afca6a43ae63b2b1d289ce6,
    type: 2}
  swordLowStand: {fileID: 60496911924204066, guid: b4b8855cdafd46a4ebb538c21eeb6cfe,
    type: 2}
  swordLowAttack: {fileID: 60447548119406568, guid: b50aa81e438156a42b0dbe9c255273d2,
    type: 2}
--- !u!212 &212817249016578248
SpriteRenderer:
  m_ObjectHideFlags: 1
  m_PrefabParentObject: {fileID: 0}
  m_PrefabInternal: {fileID: 100100000}
  m_GameObject: {fileID: 1302351776462914}
  m_Enabled: 1
  m_CastShadows: 0
  m_ReceiveShadows: 0
  m_MotionVectors: 1
  m_LightProbeUsage: 0
  m_ReflectionProbeUsage: 0
  m_Materials:
  - {fileID: 10754, guid: 0000000000000000f000000000000000, type: 0}
  m_StaticBatchInfo:
    firstSubMesh: 0
    subMeshCount: 0
  m_StaticBatchRoot: {fileID: 0}
  m_ProbeAnchor: {fileID: 0}
  m_LightProbeVolumeOverride: {fileID: 0}
  m_ScaleInLightmap: 1
  m_PreserveUVs: 0
  m_IgnoreNormalsForChartDetection: 0
  m_ImportantGI: 0
  m_SelectedEditorRenderState: 0
  m_MinimumChartSize: 4
  m_AutoUVMaxDistance: 0.5
  m_AutoUVMaxAngle: 89
  m_LightmapParameters: {fileID: 0}
  m_SortingLayerID: 105280711
  m_SortingOrder: 0
  m_Sprite: {fileID: 21300000, guid: 7d2923c636f3c194b842b506e7ce3e51, type: 3}
  m_Color: {r: 1, g: 1, b: 1, a: 1}
  m_FlipX: 0
  m_FlipY: 0
